@book{hottbook,
  author =    {{U}nivalent {F}oundations {P}rogram, The},
  title =     {Homotopy Type Theory: Univalent Foundations of Mathematics},
  shorthand = {HoTT},
  publisher = {\url{http://homotopytypetheory.org/book}},
  address =   {IAS},
  year =      2013}

@inproceedings{hottlib,
  author = {Bauer, Andrej and Gross, Jason and Lumsdaine, Peter LeFanu and Shulman, Mike and
  Sozeau, Matthieu and Spitters, Bas},
  title = {{The HoTT Library: A formalization of homotopy type theory in Coq}},
  booktitle={Certified Programs and Proofs (CPP), 6th ACM SIGPLAN Conference on},
  year = {2017}
}

@book{maclanemoerdijk,
author="Saunders MacLane and Ieke Moerdijk",
title="Sheaves in Geometry and Logic",
publisher="Springer-Verlag",
year=1992}

@book{lurie,
   title = "Higher topos theory",
   author = "Lurie, Jacob",
   series = "Annals of mathematics studies",
   publisher = "Princeton University Press",
   address = "Princeton, N.J., Oxford",
   year = 2009,
   shorthand={HTT}
}

@misc{boulier,
  title={Colimits in {HoTT}},
  author={Boulier, Simon},
  howpublished={Blog post, \url{http://homotopytypetheory.org/2016/01/08/colimits-in-hott/}},
  year={2016},
  }

@article{sets_in_hott,
  title={Sets in homotopy type theory},
  author={Rijke, Egbert and Spitters, Bas},
  journal   = {Mathematical Structures in Computer Science},
  volume    = {25},
  number    = {5},
  pages     = {1172--1202},
  year      = {2015},
}

@article{lumsdaine,
  title={Homotopy limits in type theory},
  author={Avigad, Jeremy and Kapulkin, Krzysztof and Lumsdaine, Peter LeFanu},
  month={January},
  year={2015},
  journal={Mathematical Structures in Computer Science},
  }


@book{cohen1966,
  title={{Set theory and the continuum hypothesis}},
  author={Cohen, Paul},
  year={1966},
  publisher={WA Benjamin New York}
}


@incollection{parigot1993classical,
  title={Classical proofs as programs},
  author={Parigot, Michel},
  booktitle={Computational logic and proof theory},
  pages={263--276},
  year={1993},
  publisher={Springer}
}


@inproceedings{herbelin2012constructive,
  title={A constructive proof of dependent choice, compatible with classical logic},
  author={Herbelin, Hugo},
  booktitle={Proceedings of the 2012 27th Annual IEEE/ACM Symposium on Logic in Computer Science},
  pages={365--374},
  year={2012},
  organization={IEEE Computer Society}
}


@incollection{berardi1995realization,
  title={A realization of the negative interpretation of the Axiom of Choice},
  author={Berardi, Stefano and Bezem, Marc and Coquand, Thierry},
  booktitle={Typed Lambda Calculi and Applications},
  pages={47--62},
  year={1995},
  publisher={Springer}
}

@article{barthe2002cps,
  title={{CPS} translating inductive and coinductive types},
  author={Barthe, Gilles and Uustalu, Tarmo},
  journal={ACM SIGPLAN Notices},
  volume={37},
  number={3},
  pages={131--142},
  year={2002},
  publisher={ACM}
}


@article{berardi1998computational,
  title={On the computational content of the axiom of choice},
  author={Berardi, Stefano and Bezem, Marc and Coquand, Thierry},
  journal={Journal of Symbolic Logic},
  pages={600--622},
  year={1998},
  publisher={JSTOR}
}

@article{krivine2003dependent,
  title={Dependent choice,‘quote’and the clock},
  author={Krivine, Jean-Louis},
  journal={Theoretical Computer Science},
  volume={308},
  number={1},
  pages={259--276},
  year={2003},
  publisher={Elsevier}
}


@article{lumsdaine2011higher,
  title={Higher inductive types: a tour of the menagerie},
  author={Lumsdaine, PL},
  journal={Blog post},
  url={http://homotopytypetheory. org/2011/04/24/higher-inductive-types-a-tour-of-the-menagerie},
  year={2011}
}

@article{lumsdaine2013higher,
  title={Higher inductive types},
  author={Lumsdaine, Peter LeFanu and Shulman, Michael},
  journal={preparation},
  year={2013}
}

@article{kapulkin2012simplicial,
  title={The simplicial model of univalent foundations},
  author={Kapulkin, Krzysztof and Lumsdaine Peter LeFanu},
  journal={arXiv preprint arXiv:1211.2851},
  year={2012}
}

@inproceedings{jaber2012extending,
  title={Extending type theory with forcing},
  author={Jaber, Guilhem and Tabareau, Nicolas and Sozeau, Matthieu},
  booktitle={Logic in Computer Science (LICS), 27th Annual IEEE Symposium on},
  pages={395--404},
  year={2012},
  organization={IEEE}
}

@Unpublished{shulman-higher-modalities,
  author = 	 {Shulman, Michael},
  title = 	 {Higher Modalities},
  url = 	 {https://uf-ias-2012.wikispaces.com/file/view/modalitt.pdf},
  year = {2012},
  }

@article{benton1998computational,
  title={Computational types from a logical perspective},
  author={Benton, P Nick and Bierman, Gavin M. and de Paiva, Valeria CV},
  journal={Journal of Functional Programming},
  volume={8},
  number={02},
  pages={177--193},
  year={1998},
  publisher={Cambridge Univ Press}
}

@ARTICLE{moggi-monad,
  author = {Moggi, Eugenio},
  title = {Notions of Computation and Monads},
  journal = {Information and Computation},
  year = {1991},
  volume = {93},
  pages = {55-92}
}

@inproceedings{sozeau2014universe,
  title={Universe Polymorphism in {Coq}},
  author={Sozeau, Matthieu and Tabareau, Nicolas},
  booktitle={Interactive Theorem Proving},
  year={2014}
}

@phdthesis{norell2007towards,
  title={Towards a practical programming language based on dependent type theory},
  author={Norell, Ulf},
  year={2007},
  school={Chalmers University of Technology}
}


@manual{coq:refman:8.4,
	Author = {{The {Coq} development team}},
	Date-Added = {2014-01-29 12:15:56 +0000},
	Date-Modified = {2014-01-29 12:17:45 +0000},
	Organization = {Inria},
	Read = {Oui},
	Title = {Coq 8.4 Reference Manual},
	Url = {http://coq.inria.fr/distrib/V8.4pl3/refman/},
	Year = {2012},
	Bdsk-Url-1 = {http://coq.inria.fr/V8.2beta4/doc/refman/html/Reference-Manual027.html},
	Bdsk-Url-2 = {http://coq.inria.fr/V8.2beta4/doc/refman/html/},
	Bdsk-Url-3 = {http://coq.inria.fr/distrib/V8.4pl3/refman/}}

@article{tierney1972sheaf,
	Author = {Tierney, Myles},
	Date-Added = {2014-01-29 12:06:03 +0000},
	Date-Modified = {2014-01-29 12:06:03 +0000},
	Journal = {LNM 274},
	Pages = {13--42},
	Publisher = {Springer},
	Title = {{Sheaf theory and the continuum hypothesis}},
	Year = {1972}}

@article{bezem2013model,
  title={A model of type theory in cubical sets},
  author={Bezem, Marc and Coquand, Thierry and Huber, Simon},
  journal={Preprint, September},
  year={2013}
}

@article{rezk,
  title={{U}nivalent {C}ategories and the {R}ezk completion},
  author={Ahrens, Benedikt and Kapulkin, Krzysztof and Shulman, Michael},
  month={January},
  year={2015},
  journal={Mathematical Structures in Computer Science},
  }

@book{jech,
title={Set theory},
author={Jech, Thomas}
}

@book{kunen,
title={Set theory},
author={Kunen, Kenneth},
editor={North-Holland}
}

@book{godel40,
  added-at = {2010-10-07T11:09:03.000+0200},
  author = {Gödel, Kurt},
  biburl = {http://www.bibsonomy.org/bibtex/22921ddec1b2fba3f24fd488ba174c77b/msn},
  interhash = {273aac2bb949e9afce3452d2303bea1d},
  intrahash = {2921ddec1b2fba3f24fd488ba174c77b},
  keywords = {cites.ref state.unclassified},
  publisher = {Princeton University Press},
  timestamp = {2010-10-07T11:09:03.000+0200},
  title = {The Consistency of the Axiom of Choice and of the Generalized Continuum Hypothesis with the Axioms of Set Theory},
  year = 1940
}

@article{morelvv,
  title={{$A^1$}-homotopy theory of schemes},
  author={Morel, Fabien and Voevodsky, Vladimir},
  journal = {Publications Mathématiques de l'IHÉS},
pages = {45-143},
publisher = {Institut des Hautes Études Scientifiques},
volume = {90},
year = {1999},
}

@draft{hts,
  title={A simple type system with two identity types},
  author={Voevodsky, Vladimir},
  year={Started in 2013, in progress},
  shorthand={HTS}
  }

@misc{andromeda,
  title={Andromeda implementation},
  author={Bauer, Andrej},
  shorthand={m31}
  }

@phdthesis{streicher93,
  title={Investigations Into Intensional Type Theory},
  author={Streicher, Thomas},
  year={1993},
  type={Habilitationsschrift},
  school={LMU München}
  }

@INPROCEEDINGS{Hofmann96thegroupoid,
    author = {Hofmann, Martin and Streicher, Thomas},
    title = {The Groupoid Interpretation of Type Theory},
    booktitle = {In Venice Festschrift},
    year = {1996},
    pages = {83--111},
    publisher = {Oxford University Press}
}

@misc{bauerLums_univalenceImpliesExt,
	author = {Bauer, Andrej and Lumsdaine, Peter LeFanu},
	date= {2011},
	title = {A Coq proof that Univalence Axioms implies Functional Extensionality},
	url = {https://github.com/andrejbauer/Homotopy/raw/master/OberwolfachTutorial/univalence.pdf}}

@misc{licata14uafs,
  author={Licata, Dan},
  title={Another proof that univalence implies function extensionality},
  howpublished={Blog post},
  url={http://homotopytypetheory.org/2014/02/17/another-proof-that-univalence-implies-function-extensionality/}
  }

@InProceedings{pi1s1,
  author =       {Daniel R. Licata and Michael Shulman},
  title =        {Calculating the Fundamental Group of the Circle in Homotopy Type Theory},
  booktitle = {LICS 2013: Proceedings of the Twenty-Eighth Annual
                  ACM/IEEE Symposium on Logic in Computer Science},
  year =      2013}

@article{wangxu,
  author={Wang, Guozhen and Xu, Zhouli},
  title={A Survey of Computations of Homotopy Groupes of Spheres and Cobordisms},
  year={2010}
  }

@misc{hutchings2011introduction,
  title={Introduction to higher homotopy groups and obstruction theory},
  author={Hutchings, Michael},
  url={https://math.berkeley.edu/~hutching/},
  year={2011}
}

@article{mltt,
  title={An intuitionistic theory of types},
  author={Martin-L{\"o}f, Per},
  journal={Twenty-five years of constructive type theory},
  volume={36},
  pages={127--172},
  year={1998},
  publisher={Oxford University Press}
}

@INCOLLECTION{Howard80,
  AUTHOR = {William A. Howard},
  TITLE = {The formulas-as-types notion of construction},
  BOOKTITLE = {To H. B. Curry: Essays on Combinatory Logic, Lambda
                  Calculus, and Formalism},
  EDITOR = {J. P. Seldin and J. R. Hindley},
  PUBLISHER = {Academic Press},
  OPTADDRESS = {New York},
  YEAR = 1980,
  PAGES = {479--490},
  NOTE = {Reprint of 1969 article}
}

@book{nordstrom2001martin,
  title={Martin-L{\"o}f's type theory, Handbook of logic in computer science: Volume 5: Logic and algebraic methods},
  author={Nordstr{\"o}m, B and Petersson, K and Smith, JM},
  year={2001},
  publisher={Oxford University Press, Oxford}
}

@phdthesis{phdkraus,
  title={Truncation Levels in Homotopy Type Theory},
  author={Kraus, Nicolai},
  school={University of Nottingham},
  year={2015},
  month={June}}

@article{floris,
  title={Constructing the Proposition Truncation using Non-recursive HITs},
  author={Van Doorn, Floris},
  journal={Certified Proofs and Programs},
  date={2016}}

@inproceedings{lean,
  author    = {Leonardo Mendon{\c{c}}a de Moura and
               Soonho Kong and
               Jeremy Avigad and
               Floris van Doorn and
               Jakob von Raumer},
  title     = {The Lean Theorem Prover (System Description)},
  booktitle = {Automated Deduction - {CADE-25} - 25th International Conference on
               Automated Deduction, Berlin, Germany, August 1-7, 2015, Proceedings},
  pages     = {378--388},
  year      = {2015},
}

@misc{vv-univ-f,
  author = {Voevodsky, Vladimir},
  title  = {Univalent Foundations},
  date   = {2014}}

@misc{modules-modalities,
  author = {Shulman, Mike},
  title  = {Module for {M}odalities},
  date   = {2015},
  howpublished={Blog post, \url{http://homotopytypetheory.org/2015/07/05/modules-for-modalities/}}
  }

@misc{vv-resizing,
  author = {Voevodsky, Vladimir},
  title  = {Resising {R}ules - their use and semantic justification},
  date   = {2011},
  howpublished={\url{www.math.ias.edu/~vladimir/Site3/Univalent_Foundations_files/2011_Bergen.pdf}}
  }
  
@incollection{hofmann1997syntax,
  title={Syntax and semantics of dependent types},
  author={Hofmann, Martin},
  booktitle={Extensional Constructs in Intensional Type Theory},
  pages={13--54},
  year={1997},
  publisher={Springer}
}

@inproceedings{awodey-inductive,
  title={Inductive types in homotopy type theory},
  author={Awodey, Steve and Gambino, Nicola and Sojakova, Kristina},
  booktitle={Proceedings of the 2012 27th Annual IEEE/ACM Symposium on Logic in Computer Science},
  pages={95--104},
  year={2012},
  organization={IEEE Computer Society}
}


@article{gonthier-four-color,
  title={Formal proof--the four-color theorem},
  author={Gonthier, Georges},
  journal={Notices of the AMS},
  volume={55},
  number={11},
  pages={1382--1393},
  year={2008}
}

@incollection{gonthier-feit,
  title={A machine-checked proof of the odd order theorem},
  author={Gonthier, Georges and Asperti, Andrea and Avigad, Jeremy and Bertot, Yves and Cohen, Cyril and Garillot, Fran{\c{c}}ois and Le Roux, St{\'e}phane and Mahboubi, Assia and O’Connor, Russell and Biha, Sidi Ould and others},
  booktitle={Interactive Theorem Proving},
  pages={163--179},
  year={2013},
  publisher={Springer Berlin Heidelberg}
}

@article{hales-kepler,
  title={A formal proof of the Kepler conjecture},
  author={Hales, Thomas and Adams, Mark and Bauer, Gertrud and Dang, Dat Tat and Harrison, John and Hoang, Truong Le and Kaliszyk, Cezary and Magron, Victor and McLaughlin, Sean and Nguyen, Thang Tat and others},
  journal={arXiv preprint arXiv:1501.02155},
  year={2015}
}

@article{hales-jordan,
  title={Jordan’s proof of the Jordan curve theorem},
  author={Hales, Thomas C},
  journal={Studies in logic, grammar and rhetoric},
  volume={10},
  number={23},
  pages={45--60},
  year={2007},
  publisher={Citeseer}
}

@misc{shulman-localization,
  title={Localization as an {I}nductive {D}efinition},
  author={Shulman, Mike},
  howpublished={Blog post},
  URL={https://homotopytypetheory.org/2011/12/06/inductive-localization/},
  year={2011},
  }

@misc{licata-bisim,
  title={Another proof that univalence implies function extensionality},
  author={Licata, Dan},
  howpublished={Blog post},
  URL={https://homotopytypetheory.org/2014/02/17/another-proof-that-univalence-implies-function-extensionality/},
  year={2014},
  }

@misc{shulman-mod-hits,
  title={All {M}odalities are {HIT}s},
  author={Shulman, Mike},
  howpublished={Blog post},
  URL={https://homotopytypetheory.org/2012/11/19/all-modalities-are-hits/},
  year={2012},
  }

@article{hofmann1995extensional,
  title={Extensional concepts in intensional type theory},
  author={Hofmann, Martin},
  year={1995},
  publisher={University of Edinburgh. College of Science and Engineering. School of Informatics.}
}

@article{rezk-BM,
  title={Proof of the Bakers-Massey theorem},
  author={Rezk, Charles}}


@article{godel1938,
  title={The consistency of the axiom of choice and of the generalized continuum-hypothesis},
  author={G{\"o}del, Kurt},
  journal={Proceedings of the National Academy of Sciences},
  volume={24},
  number={12},
  pages={556--557},
  year={1938},
  publisher={National Acad Sciences}
}

@book{tierney1972,
  title={Sheaf theory and the continuum hypothesis},
  author={Tierney, Myles},
  year={1972},
  publisher={Springer}
}

@inproceedings{forcing2016,
  TITLE = {{The Definitional Side of the Forcing}},
  AUTHOR = {Jaber, Guilhem and Lewertowski, Gabriel and P{\'e}drot, Pierre-Marie and Sozeau, Matthieu and Tabareau, Nicolas},
  URL = {https://hal.archives-ouvertes.fr/hal-01319066},
  BOOKTITLE = {{LICS}},
  ADDRESS = {New York, United States},
  YEAR = {2016},
  MONTH = May,
  DOI = {10.1145/http://dx.doi.org/10.1145/2933575.2935320},
  KEYWORDS = {Effects ; Coq ; Forcing ; Dependent type theory ; Inductive types},
  PDF = {https://hal.archives-ouvertes.fr/hal-01319066/file/main.pdf},
  HAL_ID = {hal-01319066},
  HAL_VERSION = {v1},
}

@inproceedings{geuvers2004,
  title={A logical framework with explicit conversions},
  author={Geuvers, Herman and Wiedijk, Freek}
}

@inproceedings{van2013explicit,
  title={Explicit convertibility proofs in pure type systems},
  author={van Doorn, Floris and Geuvers, Herman and Wiedijk, Freek},
  booktitle={Proceedings of the Eighth ACM SIGPLAN international workshop on Logical frameworks \& meta-languages: theory \& practice},
  pages={25--36},
  year={2013},
  organization={ACM}
}

@article {awodey-warren,
    author = {Awodey, Steve and Warren, Michael A.},
     TITLE = {Homotopy theoretic models of identity types},
   JOURNAL = {Math. Proc. Cambridge Philos. Soc.},
  FJOURNAL = {Mathematical Proceedings of the Cambridge
              Philosophical Society},
    VOLUME = {146},
      YEAR = {2009},
    NUMBER = {1},
     PAGES = {45--55},
      ISSN = {0305-0041},
     CODEN = {MPCPCO},
   MRCLASS = {03B15 (03B35 18Gxx 55Uxx 68T15)},
  MRNUMBER = {2461866},
       DOI = {10.1017/S0305004108001783},
       URL = {http://dx.doi.org/10.1017/S0305004108001783},
    eprint = {0709.0248},
}

@article {vv-nsf,
	title = {Univalent Foundations Project},
	journal = {a modified version of an NSF grant application},
	year = {2010},
	month = {October},
	pages = {1{\textendash}12},
	url = {http://www.math.ias.edu/vladimir/files/univalent_foundations_project.pdf},
	author = {Voevodsky, Vladimir}
}
@book{Coq:manual,
  author =        {{C}oq {D}evelopment {T}eam, The},
  note =          {Version 8.5},
  organization =  {LogiCal Project},
  title =         {The Coq proof assistant reference manual},
  year =          {2015},
  url =           {http://coq.inria.fr},
}


@article{shulman2015,
  title={Univalence for inverse diagrams and homotopy canonicity},
  author={Shulman, Michael},
  journal={arXiv preprint arXiv:1203.3253},
  year={2015}
}


@Inproceedings{EPTCS158.8,
  author    = {Schreiber, Urs and Shulman, Michael},
  year      = {2014},
  title     = {Quantum Gauge Field Theory in Cohesive Homotopy Type Theory},
  editor    = {Duncan, Ross and Panangaden, Prakash},
  booktitle = {{\rm Proceedings 9th Workshop on}
               Quantum Physics and Logic,
               {\rm Brussels,  Belgium, 10-12 October 2012}},
  series    = {Electronic Proceedings in Theoretical Computer Science},
  volume    = {158},
  pages     = {109-126},
}



@article{shulman2015Brouwer,
  title={Brouwer's fixed-point theorem in real-cohesive homotopy type theory},
  author={Shulman, Michael},
  journal={arXiv preprint arXiv:1509.07584},
  year={2015}
}
